<?xml version="1.0" encoding="UTF-8"?><collection xmlns="http://www.loc.gov/MARC21/slim"><record><leader>00556nam--2200181-i-4500</leader><controlfield tag="001">000013601</controlfield><controlfield tag="002">20161230</controlfield><controlfield tag="005">20161230201030</controlfield><controlfield tag="008">060222s1000------------r-----000-0-eng-d</controlfield><datafield ind1=" " ind2=" " tag="040"><subfield code="a">IFIN-HH</subfield></datafield><datafield ind1=" " ind2=" " tag="080"><subfield code="a">54(038)=20=40</subfield></datafield><datafield ind1="1" ind2=" " tag="100"><subfield code="a">Cornubert, R</subfield></datafield><datafield ind1="1" ind2="0" tag="245"><subfield code="a">Dictionnaire de chimie. anglais-francais. mots et locutions frequemment recontres dans les textes anglais et americains</subfield><subfield code="c">R. cornubert</subfield></datafield><datafield ind1=" " ind2=" " tag="250"><subfield code="a">Sixieme Edition Nouveau Tirage</subfield></datafield><datafield ind1=" " ind2=" " tag="260"><subfield code="a">Paris</subfield><subfield code="b">Dunod</subfield><subfield code="c">1977</subfield></datafield><datafield ind1=" " ind2=" " tag="300"><subfield code="a">VIII+212P</subfield></datafield><datafield ind1=" " ind2=" " tag="852"><subfield code="a">D.559</subfield><subfield code="c">SLCH</subfield></datafield><datafield ind1=" " ind2=" " tag="CAT"><subfield code="a">Sys</subfield><subfield code="c">20130301</subfield><subfield code="h">151529</subfield></datafield></record></collection>